http://users.ecs.soton.ac.uk/harnad/Temp/UKSTC.htm
@online{harnad2004recommendations,
  author = {Harnad, Steven},
  title = {RECOMMENDATIONS FOR UK OPEN-ACCESS PROVISION POLICY},
  year = 2004,
  month = 2,
  url = {http://users.ecs.soton.ac.uk/harnad/Temp/UKSTC.htm},
  urldate = {2017-07-02}
}

@online{boai10,
  title={Ten years on from the Budapest Open Access Initiative: setting the default to open},
  year = {2012},
  month = {9},
  url={http://www.budapestopenaccessinitiative.org/boai-10-recommendations}
}

@online{boai,
  title={{Budapest Open Access Initiative}},
  year = {2002},
  month = {2},
  url={http://www.budapestopenaccessinitiative.org/read}
}

@article{sale2010open,
  author    = {Arthur Sale and
               Marc Couture and
               El{\'{o}}y Rodrigues and
               Leslie Carr and
               Stevan Harnad},
  title     = {Open Access Mandates and the "Fair Dealing" Button},
  journal   = {CoRR},
  volume    = {abs/1002.3074},
  year      = {2010},
  url       = {http://arxiv.org/abs/1002.3074},
  timestamp = {Wed, 07 Jun 2017 14:42:59 +0200},
  biburl    = {http://dblp.uni-trier.de/rec/bib/journals/corr/abs-1002-3074},
  bibsource = {dblp computer science bibliography, http://dblp.org}
}

@article{harnad2006opening,
  title={Opening access by overcoming Zeno's paralysis},
  author={Harnad, Stevan},
  year={2006},
  publisher={Chandos}
}


@incollection{harnad1995subversive,
  title={Subversive Proposal},
  booktitle={Scholarly journals at the crossroads: A subversive proposal for electronic publishing},
  editor={Okerson, A. and O'Donnell, J. J.},
  author={Harnad, S.},
  year={1995},
  publisher={Association of Research Libraries},
  chapter={1},
}

@article{sale2010open,
  title={Open access mandates and the "fair dealing" button},
  author={Sale, A. and Couture, M. and Rodrigues, E. and Carr, L. and Harnad, S.},
  journal={arXiv:1002.3074},
  year={2010}
}

@article{harnad2015optimizing,
  title={Optimizing open access policy},
  author={Harnad, S.},
  journal={The Serials Librarian},
  volume={69},
  number={2},
  pages={133--141},
  year={2015},
  publisher={Taylor \& Francis}
}

@incollection{harnad2007green_road,
  title={The Green Road to Open Access: A Leveraged Transition},
  booktitle={The Culture of Periodicals from the Perspective of the Electronic Age},
  editor={Gacs, A.},
  author={Harnad, S.},
  year={2007},
  publisher={L'Harmattan},
  pages={99-106}
}

@unpublished{harnad2010no_fault,
          volume = {16},
          number = {7/8},
           month = {July},
           title = {No-Fault Peer Review Charges: The Price of Selectivity Need Not Be Access Denied or Delayed},
          author = {Stevan Harnad},
            year = {2010},
         journal = {D-Lib Magazine},
        keywords = {open access, green open access, gold open access, peer review, no-fault refereeing charges},
             url = {https://eprints.soton.ac.uk/271348/}
}

@article{harnad2008access,
title = "The Access/Impact Problem and the Green and Gold Roads to Open Access: An Update",
journal = "Serials Review",
volume = "34",
number = "1",
pages = "36 - 40",
year = "2008",
note = "",
issn = "0098-7913",
doi = "http://dx.doi.org/10.1016/j.serrev.2007.12.005",
url = "http://www.sciencedirect.com/science/article/pii/S0098791307001530",
author = "S. Harnad and T. Brody and F. Valli√®res and L. Carr and S. Hitchcock and Y. Gingras and C. Oppenheim and C. Hajjem and E. R. Hilf",
}

@article{harnad2004access,
  title={The access/impact problem and the green and gold roads to open access},
  author={Harnad, S. and Brody, T. and Valli{\~A}{\"{}}res, F. and Carr, L. and Hitchcock, S. and Gingras, Y. and Oppenheim, C. and Stamerjohanns, H. and Hilf, E. R.},
  journal={Serials review},
  volume={30},
  number={4},
  pages={310--314},
  year={2004},
  publisher={Taylor \& Francis}
}

@misc{monograph_serial_costs,
title = {Monograph \& serial costs in {ARL} libraries 1986-2011},
url = {http://www.arl.org/storage/documents/monograph-serial-costs.pdf}
} 

@book{suber2008open,
  title={Open access},
  author={Suber, P.},
  chapter={2},
  year={2012},
  publisher={The MIT Press}
}

@article{gargouri2010self,
  title={Self-selected or mandated, open access increases citation impact for higher quality research},
  author={Gargouri, Y. and Hajjem, C. and Larivi{\`e}re, V. and Gingras, Y. and Carr, L. and Brody, T. and Harnad, S.},
  journal={PloS one},
  volume={5},
  number={10},
  pages={e13636},
  year={2010},
  publisher={Public Library of Science},
  url={https://doi.org/10.1371/journal.pone.0013636}
}

@article{houghton2013planting,
  title={Planting the Green Seeds for a Golden Harvest: Comments and Clarifications on \enquote{{Going for Gold}}},
  author={Houghton, J. and Swan, A.},
  journal={D-lib magazine},
  volume={19},
  number={1/2},
  year={2013},
  url={https://doi.org/10.1045/january2013-houghton}
}

@online{harnad_raincoat,
  title={Raincoat Science: 43 More Open Access Haikus},
  author={Harnad, S.},
  year={2009},
  url={http://openaccess.eprints.org/index.php?/archives/648-Raincoat-Science-43-More-Open-Access-Haikus.html}
}
